@article{exampleBib,
  title={Example Bibliography for sake of example},
  author={It's me},
  journal={None},
  volume={1},
  number={1},
  pages={01--02},
  year={2017},
  publisher={Me}
}
